@misc{jscodebase:latex,
title = {URL:},
key={jscodebase},
howpublished={\url{https://www.101computing.net/minesweeper-in-javascript/}}
}
@misc{font:latex,
title = {URL:},
key={font},
howpublished={\url{https://fonts.google.com/specimen/Patrick+Hand?preview.text=patrick\%20hand&preview.text_type=custom&query=patr}
}}

@misc{css:latex,
title = {URL:},
key={css},
howpublished={\url{https://www.w3schools.com/css/default.asp}
}}
@misc{html:latex,
title = {URL:},
key={html},
howpublished={\url{https://www.w3schools.com/html/default.asp}
}}